<record><leader>00000cas a22000007a 4500</leader><controlfield tag="001">24491469</controlfield><controlfield tag="008">911003d19891991mauwr ne      0    0eng d</controlfield><datafield ind1=" " ind2=" " tag="010"><subfield code="a">sn 91058126 </subfield></datafield><datafield ind1=" " ind2=" " tag="040"><subfield code="a">MGN</subfield><subfield code="b">eng</subfield><subfield code="c">MGN</subfield><subfield code="d">OCLCQ</subfield></datafield><datafield ind1=" " ind2=" " tag="042"><subfield code="a">msc</subfield></datafield><datafield ind1="0" ind2="4" tag="245"><subfield code="a">The Minuteman chronicle Sunday.</subfield></datafield><datafield ind1=" " ind2=" " tag="260"><subfield code="a">Acton, MA :</subfield><subfield code="b">Beacon Communications Corp.</subfield></datafield><datafield ind1=" " ind2=" " tag="300"><subfield code="a">v.</subfield></datafield><datafield ind1=" " ind2=" " tag="310"><subfield code="a">Weekly</subfield></datafield><datafield ind1="0" ind2=" " tag="362"><subfield code="a">Vol. 1, no. 1 (Oct. 1, 1989)-v. 2, no. 28 (Apr. 7, 1991).</subfield></datafield><datafield ind1=" " ind2=" " tag="500"><subfield code="a">Published in several regional editions.</subfield></datafield><datafield ind1=" " ind2=" " tag="500"><subfield code="a">Issued also in a midweek edition.</subfield></datafield><datafield ind1=" " ind2=" " tag="752"><subfield code="a">United States</subfield><subfield code="b">Massachusetts</subfield><subfield code="c">Middlesex</subfield><subfield code="d">Acton.</subfield></datafield><datafield ind1="0" ind2="4" tag="780"><subfield code="t">Sunday independent (Acton, MA : North ed.)</subfield><subfield code="w">(DLC)sn 91058101</subfield></datafield><datafield ind1="0" ind2="4" tag="780"><subfield code="t">Sunday independent (Acton, MA : South ed.)</subfield><subfield code="w">(DLC)sn 91058100</subfield></datafield><datafield ind1="0" ind2="0" tag="785"><subfield code="t">Minuteman chronicle (Acton, Mass. : Weekend ed.)</subfield><subfield code="w">(DLC)sn 93059313</subfield></datafield></record>